% we can use a shorter format - just wanted to be consistent /dg

@String{ACL80 = "Proceedings of the 18th Annual Conference of the Association for Computational Linguistics (ACL-80)"}
@String{ACL83 = "Proceedings of the 21st Annual Conference of the Association for Computational Linguistics (ACL-83)"}
@String{ACL85 = "Proceedings of the 23rd Annual Conference of the Association for Computational Linguistics (ACL-85)"}
@String{ACL86 = "Proceedings of the 24th Annual Conference of the Association for Computational Linguistics (ACL-86)"}
@String{ACL87 = "Proceedings of the 25th Annual Conference of the Association for Computational Linguistics (ACL-87)"}
@String{ACL88 = "Proceedings of the 26th Annual Conference of the Association for Computational Linguistics (ACL-88)"}
@String{ACL89 = "Proceedings of the 27th Annual Conference of the Association for Computational Linguistics (ACL-89)"}
@String{ACL90 = "Proceedings of the 28th Annual Conference of the Association for Computational Linguistics (ACL-90)"}
@String{ACL91 = "Proceedings of the 29th Annual Conference of the Association for Computational Linguistics (ACL-91)"}
@String{ACL92 = "Proceedings of the 30th Annual Conference of the Association for Computational Linguistics (ACL-92)"}
@String{ACL93 = "Proceedings of the 31st Annual Conference of the Association for Computational Linguistics (ACL-93)"}
@String{ACL94 = "Proceedings of the 32nd Annual Conference of the Association for Computational Linguistics (ACL-94)"}
@String{ACL95 = "Proceedings of the 33rd Annual Conference of the Association for Computational Linguistics (ACL-95)"}
@String{ACL96 = "Proceedings of the 34th Annual Conference of the Association for Computational Linguistics (ACL-96)"}
@String{ACL97 = "Proceedings of the 35th Annual Conference of the Association for Computational Linguistics (ACL-97)"}
@String{ACL98 = "Proceedings of the 36th Annual Conference of the Association for Computational Linguistics (ACL-98)"}
@String{ACL99 = "Proceedings of the 37th Annual Conference of the Association for Computational Linguistics (ACL-99)"}
@String{ACL00 = "Proceedings of the 38th Annual Conference of the Association for Computational Linguistics (ACL-00)"}
@String{ACL01 = "Proceedings of the 39th Annual Conference of the Association for Computational Linguistics (ACL-01)"}
@String{ACL02 = "Proceedings of the 40th Annual Conference of the Association for Computational Linguistics (ACL-02)"}
@String{ACL03 = "Proceedings of the 41th Annual Conference of the Association for Computational Linguistics (ACL-03)"}

@String{NAACL00 = "Proceedings of the 2000 Meeting of the North American chapter of the Association for Computational Linguistics (NAACL-00)"}
@String{NAACL03 = "Proceedings of the 2003 Meeting of the North American chapter of the Association for Computational Linguistics (NAACL-03)"}
@String{NAACL04 = "Proceedings of the 2004 Meeting of the North American chapter of the Association for Computational Linguistics (NAACL-04)"}
@STRING{CICLING2005 = "Proceedings of the Sixth International Conference on Intelligent Text Processing
and Computational Linguistics (CICLing)"}
@String{EMNLP02 = "2002 Conference on Empirical Methods in Natural Language Processing (EMNLP)"}
@String{EMNLP03 = "2003 Conference on Empirical Methods in Natural Language Processing (EMNLP)"}

@incollection{joshi97treeadjoining,
author = "A. Joshi and Y. Schabes",
title = "Tree-Adjoining Grammars",
editor= "G. Rozenberg and A. Salomaa",
booktitle="Handbook of Formal Languages (Vol. 3)",
publisher = "Springer",
address = "New York",
year = "1997", pages = "69-124",
url = "citeseer.nj.nec.com/joshi97treeadjoining.html" }

@article{BAUM67,
author = "L. E. Baum and J. A. Eagon",
title = "An Inequality with Application to Statistical Estimation for Probabilistic Functions of {Markov} Processes and to a Model for Ecology",
journal = "Bulletin of the American Mathematicians Society",
volume = 73, pages = "360-363", year = 1967}

@inproceedings{YAMADA01,
author = "Kenji Yamada and Kevin Knight",
title = "A Syntax-based Statistical Translation Model",
booktitle = ACL01,
pages = "523-530", year = "2001"}

@Article{MSTRounds1970, title = "Mappings and Grammars on Trees", author =
"William C. Rounds", journal = "Mathematical Systems Theory", pages = "257--287",
year = "1970", volume = "4", number = "3"}

@ARTICLE{Tha70, AUTHOR = {J. W. Thatcher}, JOURNAL = {J. Comput. System
Sci.}, PAGES = {339--367}, TITLE = {Generalized$^2$ sequential machine maps},
VOLUME = {4}, YEAR = {1970}}

@Book{chomsky57, author = "Noam Chomsky", year = "1957", title = "Syntactic structures",
series = "Janua linguarum", address = "The Hague", publisher = "Mouton" }

@InCollection{Raoult92,
author = "Jean-Claude Raoult",
title = "A Survey of Tree Transductions",
editor = "Nivat \& Podelski",
booktitle = "Tree Automata and Languages, Studies in Computer Science and
Artificial Intelligence 10, North-Holland", year = "1992"}

@InCollection{Thatcher73,author="James Thatcher",
title="Tree automata an informal survey",
editor = "Alfred Aho",
booktitle="Currents in the Theory of Computing",
publisher="Prentice-Hall",year="1973"}

@Book{hopcroft,author="John Hopcroft and Jeffrey Ullman",
title="Introduction to Automata Theory, Languages, and Computation",
year="1979",
series="Addison-Wesley Series in Computer Science",
pages="82-87",
address="London",
publisher="Addison-Wesley"
}

@article{Doner70,author="J. Doner",title="Tree Acceptors and Some of Their Applications", journal="Journal of Computer and System Sciences",volume="4", pages="406451", year="1970"}

@BOOK{GS84, AUTHOR = {F. G{\'e}cseg and M. Steinby}, PUBLISHER =
{Akad{\'e}miai Kiad{\'o}, Budapest}, TITLE = {Tree Automata}, YEAR = 1984 }

@Misc{carmel,
author="Jonathan Graehl",
title="Carmel finite-state toolkit",
howpublished="\url{http://www.isi.edu/licensed-sw/carmel/}",
year=1997
}

@Misc{tata97,
author = {H. Comon and M. Dauchet and R. Gilleron and F. Jacquemard and D. Lugiez and S. Tison and M. Tommasi},
title = {Tree Automata Techniques and Applications},
howpublished = {Available on {\tt www.grappa.univ-lille3.fr/tata}},
note = {release October, 1st 2002}, year = 1997}

@inproceedings{Gildea03,title="Loosely Tree-Based Alignment for Machine Translation", author="Daniel Gildea",
booktitle=ACL03,
 address="Sapporo, Japan", year="2003"}

@inproceedings{Eisner03,author="Eisner, Jason", year="2003",title="Learning non-isomorphic tree mappings for machine translation",
booktitle="Proceedings of the 41st Meeting of the Association for Computational Linguistics (companion volume)"}

@inproceedings{Pang03,author="Bo Pang and Kevin Knight and Daniel Marcu",
title="Syntax-based Alignment of Multiple Translations Extracting Paraphrases and Generating New Sentences",
booktitle=NAACL03,
 year="2003"}

@inproceedings{TTT,author="Jonathan Graehl and Kevin Knight",
title="Training Tree Transducers",
booktitle=NAACL04,
 year="2004"}

@article{KnightCompression,
title="Summarization Beyond Sentence Extraction A Probabilistic Approach to Sentence Compression",
author="Kevin Knight and Daniel Marcu",
journal="Artificial Intelligence", volume="139",number="1", year="2002"}

@inproceedings{YamadaDecoder,title="A Decoder for Syntax-Based Statistical {MT}",author="K. Yamada and K. Knight",
booktitle=ACL02,
 year="2002"}

@inproceedings{Langkilde98,title="Generation that Exploits Corpus-based Statistical Knowledge",
author="Irene Langkilde and Kevin Knight",
booktitle=ACL98,
 year="1998"}

@inproceedings{Langkilde00,title="Forest-Based Statistical Sentence Generation", author="Irene Langkilde",
 booktitle=NAACL00,
 year="2000"}

@inproceedings{Bangalore00,
author="Srinivas Bangalore and Owen Rambow",
title="Exploiting a Probabilistic Hierarchical Model for Generation",
booktitle="International Conference on Computational Linguistics (COLING 2000)",
address="Saarbrucken, Germany", year="2000"}

@inproceedings{Amalgam,author="Simon Corston-Oliver and Michael Gamon and Eric K. Ringger and Robert Moore", year="2002", title="An overview of Amalgam A machine-learned generation module.", booktitle="Proceedings of the International Natural Language Generation Conference", address="New York, USA", pages="33-40"}


@article{Wu97,author="Dekai Wu", title="Stochastic inversion transduction grammars and bilingual parsing of parallel  corpora",
journal="Computational Linguistics", volume="23", number="3", pages="377-404", year="1997"}

@article{ alshawi00learning, author = "Hiyan Alshawi and Srinivas Bangalore and
Shona Douglas", title = "Learning Dependency Translation Models as Collections of
Finite State Head Transducers", journal = "Computational Linguistics", volume = "26",
number = "1", pages = "45-60", year = "2000", url =
"citeseer.nj.nec.com/alshawi00learning.html"}

@inproceedings{Charniak01,author="Eugene Charniak",
title="Immediate-Head Parsing for Language Models",
booktitle=ACL01,
year="2001"}

@inproceedings{KlMa03UnlexicalizedParsing, author = {Dan Klein and Christopher D.
Manning}, title = {Accurate Unlexicalized Parsing},
 booktitle = ACL03,
 year = 2003 }

@inproceedings{Collins97,author="Michael Collins", year="1997", title="Three Generative, Lexicalised Models for Statistical Parsing",
booktitle=ACL97
}

@article{InsideOutside,author="K. Lari and S. J. Young", title="The estimation of stochastic context-free grammars using the Inside-Outside algorithm",
journal="Computer Speech and Language, 4", pages="35-56", year="1990"}

@incollection{Baker79,author="J. K. Baker",
title="Trainable grammars for speech recognition",
editor= "D. Klatt and J. Wolf",
booktitle="Speech Communication Papers for the 97th Meeting of the Acoustical Society of America", pages="547-550",year="1979",
address="Boston, MA"

}

@article{StructuredLM,author="Chelba, C. and Jelinek, F.", title="Structured language modeling", journal="Computer Speech and Language",
volume="14", number="4", pages="283-332",year="2000"}

@book{Semirings, author="Kuich, W. and Salomaa, A.",title="Semirings, Automata, Languages", publisher="Springer-Verlag", address="Berlin, Heidelberg, New York, Tokyo", year="1986"}

@article{EM,author="A. P. Dempster and N. M. Laird and D. B. Rubin", title="Maximum Likelihood from Incomplete Data via the {EM} algorithm",
journal="Journal of the Royal statistical Society, Series B", volume="39",number="1",pages="1-38",year="1977"}

@ARTICLE{Eng75, AUTHOR = {J. Engelfriet}, JOURNAL = {Math. Systems
Theory}, NUMBER = 3, PAGES = {198--231}, TITLE = {Bottom-up and top-down tree
transformations---a comparison}, VOLUME = 9, YEAR = 1975}

@ARTICLE{Eng77, AUTHOR = {J. Engelfriet}, JOURNAL = {Math. Systems
Theory}, PAGES = {289--303}, TITLE = {Top-down tree transducers with regular look-ahead}, VOLUME = 10, YEAR = 1977}

@ARTICLE{VITERBI67, author = "A. Viterbi", year = 1967,
title = "Error bounds for convolutional codes and an asymptotically optimum decoding algorithm",
journal = "IEEE Trans. Information Theory", volume = "IT-13", pages="260-269"}

@inproceedings{costs, title= "Tree Tranducers with Costs",
author= "Z. Fulop and H. Vogler",
booktitle="Proc. of the 10th International Conference on Automata and Formal Languages",
year = 2002}

@inproceedings{idl, author= "Mark-Jan Nederhof and Giorgio Satta",
title = "{IDL}-Expressions: A Compact Representation for Finite Languages in Generation Systems",
booktitle="Proceedings of the 7th Conference on Formal Grammars (FG2002)",
location="Trento, Italy", year = 2002, pages="125-136"}

@inproceedings{nedersatta02,
title="Parsing non-recursive {CFG}s",
author="Mark-Jan Nederhof and Giorgio Satta",
booktitle=ACL02,
year="2002"}

@PhdThesis{schabes90,
author =       "Yves Schabes",
title =        "Mathematical and Computational Aspects of Lexicalized
         Grammars",
           school =       "Department of Computer and Information Science,
          University of Pennsylvania",
            year =         "1990",
            }

@inproceedings{Eisner02,
title="Parameter estimation for probabilistic finite-state transducers",
author="Jason Eisner",
booktitle=ACL02,
 year="2002"}


@Article{GSDT71,
author =       "A. V. Aho and J. D. Ullman",
title =        "Translations of a context-free grammar",
journal =      "Information and Control",
volume =       "19",
pages =        "439--475",
year =         "1971"}

@InProceedings{AMTA98,
  author =       "K. Knight and Y. Al-Onaizan",
  title =        "Translation with Finite-State Devices",
  pages =        "421--437",
  editor =       "D. Farwell and L. Gerber and E. Hovy",
  booktitle =    "Proceedings of the 3rd Conference of the Association
                 for Machine Translation in the Americas on Machine
                 Translation and the Information Soup ({AMTA}-98)",
  publisher =    "Springer",
  address =      "Berlin",
  year =         "1998"}

@INPROCEEDINGS{JHUALTEMP,
  YEAR = {2003},
  TITLE = {A Weighted Finite State Transducer implementation of the alignment template model for statistical machine translation},
  BOOKTITLE = NAACL03,
  AUTHOR = {S. Kumar and W. Byrne}}

@inproceedings{OCH99,author="Och, F. and Tillmann, C. and Ney, H.",
title="Improved Alignment Models for Statistical Machine Translation",
booktitle=ACL99,
year="1999"}

@inproceedings{KOEHN03,
title="Statistical Phrase-Based Translation",
author="Koehn, P. and Och, F. and Marcu, D.",
booktitle=NAACL03,
 year="2003"}

@inproceedings{MARCU02,
title="A Phrase-Based, Joint Probability Model for Statistical Machine Translation",
author="D. Marcu and W. Wong",
booktitle=EMNLP02,
year="2002"}

@inproceedings{YAMADA02,
author = "Kenji Yamada and Kevin Knight",
title = "A Decoder for Syntax-Based Statistical {MT}",
booktitle = ACL02,
year = "2002"}

@Article{EPPSTEIN,
  author =       "David Eppstein",
  title =        "Finding the $k$ Shortest Paths",
  journal =      "SIAM Journal on Computing",
  volume =       "28",
  number =       "2",
  pages =        "652--673",
  year =         "1999"}

@inproceedings{MELAMED03,author="I. Dan Melamed",
title="Multitext Grammars and Synchronous Parsers",
booktitle=NAACL03,
 year="2003"}

@inproceedings{KlMa01,author="Dan Klein and Christopher Manning",
title = "Parsing and Hypergraphs",
booktitle = "International Workshop on Parsing Technologies",
year = 2001}

@article{RETE,
author = "C. Forgy",
title = "RETE: A Fast Algorithm for the Many Patterns/Many Objects
Match Problem",
journal = "Artificial Intelligence", volume = 19, number = 1,
year = 1982}

@article{MINFST,
author = "M. Mohri",
title = "Minimization algorithms for sequential transducers",
journal = "Theor. Comput. Sci.",
volume = 234, number = "1-2", year = 2000}

@article{FSM,
author = "M. Mohri and F. Pereira and M. Riley",
title = "The Design Principles of a Weighted Finite-State Transducer Library",
journal = "Theor. Comput. Sci.",
volume = 231, number = "1", year = 2000}


@InProceedings{knight-alonaizan98,
  author =   {Kevin Knight and Yaser Al-Onaizan},
  title =    {Translation with Finite-State Devices},
  booktitle =    {Proceedings of the 4th AMTA Conference},
  pages =  { },
  year =   1998,
  address =  { },
  month =  { }
}

@InProceedings{kumar-byrne03,
  author =   {Shankar Kumar and William Byrne},
  title =    {A Weighted Finite State Transducer Implementation of the Alignment Template Model for Statistical Machine Translation},
  booktitle =    NAACL03,
  pages =  { },
  year =   2003,
  address =  {Edmonton, Canada},
}

@Article{brownetal93,
  author =   {{Peter F.} Brown and {Stephen A.} {Della Pietra} and {Vincent J.} {Della Pietra} and {Robert L.} Mercer},
  title =    {The Mathematics of Statistical Machine Translation: Parameter Estimation},
  journal =    {Computational Linguistics},
  year =   1993,
  volume =   19,
  number =   2,
  pages =  {263-311}
}


@InProceedings{ochetal99,
  author =   {{Franz Josef} Och and Christoph Tillmann and Herman Ney},
  title =    {Improved Alignment Models for Statistical Machine Translation},
  booktitle =    {Proceedings of the Joint Workshop on Empirical Methods in {NLP} and Very Large Corpora},
  pages =  {20-28},
  year =   1999,
  address =  {College Park, Maryland},
  month =  {}
}

@InProceedings{schwartz-chow90,
  author =   {Richard Schwartz and Y.-L. Chow},
  title =    {The {N}-best algorithm: An efficient and exact procedure for finding the N most likely sentence hypotheses},
  booktitle =    {{IEEE ICASSP}-90},
  pages =  {81-84},
  year =   1990,
  volume =   1,
  organization = {{IEEE}}
}

@InProceedings{murveitetal93,
  author =   {H. Murveit and J.W. Butzberger and V.V. Digalakis and M. Weintraub},
  title =    {Large-vocabulary dictation using SRI's decipher speech recognition system: Progressive-search techniques},
  booktitle =    {{IEEE ICASSP-93}},
  pages =  {319-322},
  year =   1993,
  volume =   2,
  organization = {{IEEE}}
}

@Article{decoding-aij04,
  author =   {Ulrich Germann and Mike Jahr and Kevin Knight and Daniel Marcu and Kenji Yamada},
  title =    {Fast Decoding and Optimal Decoding for Machine Translation},
  journal =    {Artificial Intelligence},
  year =   2004,
  volume =   { },
  number =   { },
  pages =  { },
  note =   {To appear}
}

@TechReport{ochetal-jhu03,
  author =   {Franz Och and Daniel Gildea and Anoop Sarkar and Sanjeev Khudanpur and Kenji Yamada and Alexander Fraser and Libin Shen and Shankar Kumar and David Smith and Viren Jain and Katherine Eng and Zhen Jin and Dragomir Radev },
  title =    {Syntax for Statistical Machine Translation},
  institution =  {Johns Hopkins Summer Workshop},
  year =   2003
}

@InProceedings{ueffingetal02,
  author =   {Nicola Ueffing and {Franz Joseph} Och and Hermann Ney},
  title =    {Generation of Word Graphs in Statistical Machine Translation},
  booktitle =    EMNLP02,
  pages =  {156-163},
  year =   2002,
  address =  {Philadelphia, PA},
}

@Unpublished{nist03,
  author =   {George Doddington and Mark Przybocki},
  title =    {The 2003 {NIST} Machine Translation Evaluation},
  note =   {Presented at the Evaluation Follow-Up Meeting},
  month =  {June},
  year =   2003
}


@InProceedings{galleyetal04,
  author =   {Michel Galley and Mark Hopkins and Kevin Knight and Daniel Marcu},
  title =    {What's in a translation rule?},
  booktitle =    NAACL04,
  pages =  { },
  year =   2004,
  address =  {Boston, Massachussets},
  month =  {May 3-5}
}


@InProceedings{echihabi-marcu03,
  author =   {Abdessamad Echihabi and Daniel Marcu},
  title =    {A Noisy-Channel Approach to Question Answering},
  booktitle =    {Proceedings of the 41st Annual Meeting of the Association for Computational Linguistics},
  pages =  { },
  year =   2003,
  address =  {Sapporo, Japan},
  month =  {July 7-12}
}


@Article{knight99,
  author =   {Kevin Knight},
  title =    {Decoding Complexity in Word-Replacement Translation Models},
  journal =    {Computational Linguistics},
  year =   1999,
  volume =   25,
  number =   4,
  pages =  { }
}

@Article{jelinek69,
  author =   {Fred Jelinek},
  title =    {A Fast Sequential Decoding Algorithm Using A Stack},
  journal =    {{IBM} Research Journal of Research and Development},
  year =   1969,
  volume =   13,
  pages =  {675-685}
}


%%%%%%%%% begin references from gildea

@Article{Brown:90,
  author = {Peter F. Brown and John Cocke and Stephen A. {Della Pietra} and
  Vincent J. {Della Pietra} and Frederick Jelinek and John D. Lafferty and
  Robert L. Mercer and Paul S. Roossin},
  title = {A Statistical Approach to Machine Translation},
  journal = {Computational Linguistics},
  year = {1990},
  month = {June},
  volume = {16},
  number = {2},
  pages = {79--85},
  URL = {http://acl.ldc.upenn.edu/J/J90/J90-2002.pdf}
}

@Article{Brown:93,
  author = {Peter F. Brown and Stephen A. {Della Pietra} and Vincent J. {Della
  Pietra} and Robert L. Mercer},
  title = {The Mathematics of Statistical Machine Translation: {P}arameter
  estimation},
  journal = {Computational Linguistics},
  year = {1993},
  volume = {19},
  number = {2},
  pages = {263--311},
  URL = {http://acl.ldc.upenn.edu/J/J93/J93-2003.pdf}
}

@InProceedings{och-emnlp99,
  author = {Franz Josef~Och and Christoph Tillmann and Hermann Ney},
  title = {Improved Alignment Models for Statistical Machine Translation},
  booktitle = {Proc.\ of the Joint SIGDAT Conf.\ on Empirical Methods in
  Natural Language Processing and Very Large Corpora},
  year = {1999},
  month = {June},
  pages = {20--28},
  address = {College Park, MD}
}

@InProceedings{marcu-emnlp02,
  author = {Daniel Marcu and William Wong},
  title = {A Phrase-Based, Joint Probability Model for Statistical Machine
  Translation},
  booktitle = EMNLP02,
  year = {2002},
  URL = {http://citeseer.nj.nec.com/marcu02phrasebased.html}
}

@InProceedings{koehn-naacl03,
  author = {Philipp Koehn and Franz Josef Och and Daniel Marcu},
  title = {Statistical Phrase-Based Translation},
  booktitle = NAACL03,
  year = {2003},
  address = {Edmonton, Alberta},
  URL = {http://www.isi.edu/~koehn/publications/phrase2003.pdf}
}

@Article{Dorr-cl94,
  author = {Dorr, Bonnie J.},
  title = {Machine Translation Divergences: A Formal Description and Proposed
  Solution},
  journal = {Computational Linguistics},
  year = {1994},
  volume = {20},
  number = {4},
  pages = {597--633}
}

@Article{DekaiCL,
  author = {Dekai Wu},
  title = {Stochastic Inversion Transduction Grammars and Bilingual Parsing of
  Parallel Corpora},
  journal = {Computational Linguistics},
  year = {1997},
  volume = {23},
  number = {3},
  pages = {377--403},
  URL = {http://acl.ldc.upenn.edu/J/J97/J97-3002.pdf}
}

@Article{Alshawi00,
  author = {Hiyan Alshawi and Srinivas Bangalore and Shona Douglas},
  title = {Learning Dependency Translation Models as Collections of Finite
  State Head Transducers},
  journal = {Computational Linguistics},
  year = {2000},
  volume = {26},
  number = {1},
  pages = {45-60},
  URL = {http://citeseer.nj.nec.com/iliyan00learning.html}
}

@InProceedings{YamadaKnight01,
  author = {Kenji Yamada and Kevin Knight},
  title = {A Syntax-Based Statistical Translation Model},
  booktitle = ACL01,
  year = {2001},
  address = {Toulouse, France},
  URL = {http://acl.ldc.upenn.edu/P/P01/P01-1067.pdf}
}

@InProceedings{Eisner-acl03,
  author = {Jason Eisner},
  title = {Learning non-isomorphic tree mappings for machine translation},
  booktitle = ACL03,
  year = {2003},
  address = {Sapporo, Japan}
}

@InProceedings{Gildea-acl03,
  author = {Daniel Gildea},
  title = {Loosely Tree-Based Alignment for Machine Translation},
  booktitle = ACL03,
  year = {2003},
  pages = {80--87},
  address = {Sapporo, Japan},
  URL = {http://www.cs.rochester.edu/~gildea/gildea-acl03.pdf}
}

@InProceedings{fox-emnlp02,
  author = {Heidi J. Fox},
  title = {Phrasal Cohesion and Statistical Machine Translation},
  booktitle = EMNLP02,
  year = {2002},
  pages = {304--311}
}

@InProceedings{galley-naacl04,
  author = {M. Galley and M. Hopkins and K. Knight and D. Marcu},
  title = {What's in a Translation Rule?},
  booktitle = NAACL04,
  year = {2004}
}

@Article{Jordan-ml99,
  author = {M. I. Jordan and Z. Ghahramani and T. S. Jaakkola and L. K. Saul},
  title = {Introduction to Variational Methods for Graphical Models},
  journal = {Machine Learning},
  year = {1999},
  volume = {37},
  pages = {183--233}
}

@InProceedings{Melamed-naacl03,
  author = {I. Dan Melamed},
  title = {Multitext Grammars and Synchronous Parsers},
  booktitle = NAACL04,
  year = {2003},
  address = {Edmonton}
}

@Article{Oncina93,
  author = {Jos\'{e} Oncina and Pedro Garc\'{\i}a and Enrique Vidal},
  title = {Learning Subsequential Transducers for Pattern Recognition Tasks},
  journal = {IEEE Transactions on Pattern Analysis and Machine Intelligence},
  year = {1993},
  month = {May},
  volume = {15},
  pages = {448--458}
}

@Article{Gildea-cl,
  author = {Daniel Gildea and Daniel Jurafsky},
  title = {Learning Bias and Phonological Rule Induction},
  journal = {Computational Linguistics},
  year = {1996},
  volume = {22},
  number = {4},
  pages = {497--530},
  URL = {http://www.colorado.edu/linguistics/jurafsky/cl.ps}
}

@Article{treebank,
  author = {Mitchell P. Marcus and Beatrice Santorini and Mary Ann
  Marcinkiewicz},
  title = {Building a Large Annotated Corpus of {E}nglish: {T}he {P}enn
  Treebank},
  journal = {Computational Linguistics},
  year = {1993},
  month = {June},
  volume = {19},
  number = {2},
  pages = {313--330}
}

@InProceedings{Kingsburyetal02,
  author = {Paul Kingsbury and Martha Palmer and Mitch Marcus},
  title = {{Adding semantic annotation to the Penn Treebank}},
  booktitle = {Proceedings of the Human Language Technology Conference},
  year = {2002},
  address = {San Diego}
}

@InProceedings{Gildea-acl02,
  author = {Daniel Gildea and Martha Palmer},
  title = {The Necessity of Syntactic Parsing for Predicate Argument
  Recognition},
  booktitle = ACL02,
  year = {2002},
  pages = {239--246},
  address = {Philadelphia, PA},
  URL = {http://www.cs.rochester.edu/~gildea/gildea-acl02.pdf}
}

@InProceedings{Gildea-emnlp03,
  author = {Daniel Gildea and Julia Hockenmaier},
  title = {Identifying Semantic Roles Using Combinatory Categorial Grammar},
  booktitle = EMNLP03,
  year = {2003},
  pages = {57--64},
  address = {Sapporo, Japan},
  URL = {http://www.cs.rochester.edu/~gildea/gildea-emnlp03.pdf}
}

@InProceedings{YamadaKnight02,
  author = {Kenji Yamada and Kevin Knight},
  title = {A Decoder for Syntax-based Statistical {MT}},
  booktitle = ACL02,
  year = {2002},
  address = {Philadelphia, PA},
  URL = {http://acl.ldc.upenn.edu/P/P02/P02-1039.pdf}
}

@Article{Tillmann03,
  author = {Christoph Tillmann and Hermann Ney},
  title = {Word Reordering and a Dynamic Programming Beam Search Algorithm for
  Statistical Machine Translation},
  journal = {Computational Linguistics},
  year = {2003},
  volume = {29},
  number = {1},
  pages = {97--133}
}

@Article{Jel69,
  author = {Frederick Jelinek},
  title = {A fast sequential decoding algorithm using a stack},
  journal = {IBM Journal of Research and Development},
  year = {1969},
  volume = {13},
  pages = {675--685}
}

@InProceedings{ChelbaJelinek99,
  author = {Ciprian Chelba and Frederick Jelinek},
  title = {Recognition Performance of a Structured Language Model},
  booktitle = {EUROSPEECH},
  year = {1999},
  URL = {http://www.clsp.jhu.edu/~chelba/publications/camera_ready.EUROSP99.ps}
}

@Article{Roark01,
  author = {Brian Roark},
  title = {Probabilistic top-down parsing and language modeling},
  journal = {Computational Linguistics},
  year = {2001},
  volume = {27},
  number = {2},
  pages = {249--276}
}

@InProceedings{Yamada03,
  author = {Eugene Charniak and Kevin Knight and Kenji Yamada},
  title = {Syntax-based Language Models for Machine Translation},
  booktitle = {Proc. MT Summit IX},
  year = {2003},
  URL = {http://www.isi.edu/natural-language/projects/rewrite/mtsummit03.pdf}
}

@InCollection{Kar93,
  author =       "Lauri Karttunen",
  editor =       "John Goldsmith",
  booktitle =    "The Last Phonological Rule",
  title =        "Finite-State Constraints",
  publisher =    "University of Chicago Press",
  pages =        "173--194",
  year =         "1993",
}

@PhdThesis{Koskenniemi83,
  author =       "Kimmo Koskenniemi",
  title =        "Two-Level Morphology: {A} General Computational Model
                 for Word-Form Recognition and Production",
  school =       "University of Helsinki",
  year =         "1983",
}

%%%%%%%%%%%%%%%% end references from gildea


@inproceedings{LAZY,
author = "M. Riley and F. Pereira and P-Y. Chung",
year = 1995,
title = "Lazy transducer composition: A flexible method for on-the-fly expansion of context-dependent grammar networks",
booktitle= "Workshop on Automatic Speech Recognition,
IEEE Signal Proc. Society"}


@article{dijkstra,
author = "E. W. Dijkstra",
title = "A note on two problems in connection with graphs",
journal = "Numerical Mathematics",
volume = 1, year = 1959, pages="269-271"}

@inproceedings{poweroftree,
author = "K. Knight and J. Graehl",
title = "An Overview of Probablistic Tree Transducers for Natural Language Processing",
booktitle=CICLING2005,
year= "2005"}

@article{knuthgrammar,
author = "D. Knuth",
title = "A generalization of {Dijkstra's} algorithm",
journal = "Info. Proc. Letters",
volume = 6, number = 1, year = 1977}

@inproceedings{GALLEYHOPKINS,
author="M. Galley and M. Hopkins and K. Knight and D. Marcu",
title="What's in a translation rule?",
booktitle=NAACL04,
 year="2004"}

@article{BURSTEIN03,
author = "J. Burstein and D. Marcu and K. Knight",
year = 2003,
title = "Finding the WRITE Stuff: Automatic Identification of Discourse Structure in Student Essays",
journal = "IEEE Intelligent Systems",
volume = 18, number = 1}

@inproceedings{Echihabi03,
title="A noisy channel approach to question answering",
author="A. Echihabi and D. Marcu",
booktitle=ACL03,
address="Sapporo, Japan", year="2003"}

@inproceedings{TRANSLIT,
title="Machine Transliteration",
author="Jonathan Graehl and Kevin Knight",
booktitle=ACL97,
year = 1997}

@inproceedings{DECIPHER,
title = "A Computational Approach to Deciphering Unknown Scripts",
author = "Kevin Knight and Kenji Yamada",
booktitle = "ACL Workshop on Unsupervised Learning in Natural Language Processing",
year = 1999}

@article{pushdowntree1,
title = "Fundamental properties of pushdown tree transducers ({PDTT})---A top-down case",
author = "K. Yamasaki and Y. Sodeshima",
journal = "IEICE Trans. Inf. and Syst.", volume = "E76-D", number = "10",
year = 1993}

@article{pushdowntree2,
title = "A Comparison of Bottom-Up Pushdown Tree Transducers",
author = "K. Yamasaki and Y. Sodeshima",
journal = "TIEICE: IEICE Trans. on Communications/Electronics/Information and Systems", year = "2002"}

@article{guessarian,
title = "Pushdown Tree Automata",
author = "I. Guessarian",
journal = "Math. Systems Theory", volume = 16, year = 1983}

@book{pushdownstring1,
title = "Introduction to Formal Languages Theory",
author = "M. Harrison",
publisher = "Addison-Wesley", address = "London", year = 1978}

@book{pushdownstring2,
title = "Transductions and Context-Free Languages",
author = "J. Berstel",
publisher = "Teubner", address = "Stuttgart", year = 1979}

@article{Nederhof03,
  author =       "M.-J. Nederhof",
  title =        "Weighted Deductive Parsing and {Knuth's} Algorithm",
  journal =    "Computational Linguistics",
  volume =       "29", number = 1, year =         "2003"}

@inproceedings{latticeparse,
  title =        "The Intersection of Finite State Automata
  and Definite Clause Grammars",
  author =       "Gertjan van Noord",
  year =         "1995",
  booktitle = ACL95
}

@InProceedings{kay84,
  author =       "Martin Kay",
  title =        "Functional Unification Grammar:
  {A} formalism for machine translation",
  booktitle =    "Proc. COLING/ACL",
  year =         "1984"}

@article{kaplankay,
  author =       "R. Kaplan and M. Kay",
  title =        "Regular Models of Phonological Rule Systems",
  journal =    "Computational Linguistics",
  volume =       "20", number = 3, year =         "1994"}

@techreport{xerox,
author = "L. Karttunen and T. Gaal and A. Kempe",
title = "Xerox Finite-State Tool",
institution =  "Xerox Research Centre Europe",
month = "June", year = 1997}

@inproceedings{fsautilities,
author = "G. van Noord",
title = "{FSA Utilities}: A Toolbox to Manipulate Finite-State Automata",
booktitle = "Automata Implementation",
publisher = "Springer-Verlag", year = 1997}

@Book{sprung00,
  editor =  {{Robert C.} Sprung},
  title =   {Translating Into Success: Cutting-Edge Strategies For
Going Multilingual In A Global Age},
  publisher =   {John Benjamins Publishers},
  year =  2000,
  month = {August}
}

@InProceedings{Papineni-02,
  author = "Kishore Papineni and Salim Roukos and Todd Ward and Wei-Jing Zhu",
  title = "Bleu: a method for automatic evaluation of machine translation",
  booktitle =  ACL02,
  year = 2002,
  address = "Philadelphia, PA",
  url = "citeseer.nj.nec.com/papineni02bleu.html"}
